% book
% Required fields: author or editor, title, publisher, year. 
% Optional fields: volume or number, series, address, edition, month, note.
@book{coulouris,
  author = {Coulouris  G.  F.,  Dollimore J. e  Kindberg T},
  title = {Distributed Systems: concepts and Design},
  publisher = {Addison-Wesley},
  year = {1994},
  edition = "second edition"

}

% article
% Required fields: author, title, journal, year. 
% Optional fields: volume, number, pages, month, note.
@article{donoho,
  author = {Donoho D. L.},
  title = {Compressed Sensing},
  journal = {IEEE Trans. Inf. Theory},
  volume = {52},
  number = {4},
  pages = {1289-1306},
  year = {2006}
}

% conference
% same as inproceedings
% Required fields: author, title, booktitle, year. 
% Optional fields: editor, volume or number, series, pages, address, month, organization, publisher, note
@conference{dalal,
  author = {Dalal N., Triggs B.},
  title = {Histograms of Oriented Gradients for Human Detection},
  booktitle = {Computer Vision and Pattern Recognition (CVPR)},
  address = {San Diego, USA},
  year = {2005},
  month = {20-26 June},
  pages = {886-893}
}

% website
% as misc
% Required fields: none. 
% Optional fields: author, title, howpublished, month, year, note.
@misc{ictbusiness,
  title = {ICT business},
  howpublished = {http://www.ictbusiness.it/},
  note = {ultimo accesso 15/06/2015}
}





%%%%%%%%

@misc{opa_docs,
  title = {OPA Documentation},
  howpublished = {https://www.openpolicyagent.org/docs/latest/},
  note = {Last access: 28/12/2024}
}

@misc{opa_philosophy,
  title = {OPA Philosophy},
  howpublished = {https://www.openpolicyagent.org/docs/latest/philosophy/},
  note = {Last access: 28/12/2024}
}


@misc{pac_aws,
  title = {A practical guide to getting started with policy as code},
  howpublished = {https://aws.amazon.com/it/blogs/infrastructure-and-automation/a-practical-guide-to-getting-started-with-policy-as-code/},
  note = {Last access: 10/01/2025}
}




@inproceedings{Souza_2023, series={IGSC ’23},
   title={CASPER: Carbon-Aware Scheduling and Provisioning for Distributed Web Services},
   url={http://dx.doi.org/10.1145/3634769.3634812},
   DOI={10.1145/3634769.3634812},
   booktitle={Proceedings of the 14th International Green and Sustainable Computing Conference},
   publisher={ACM},
   author={Souza, Abel and Jasoria, Shruti and Chakrabarty, Basundhara and Bridgwater, Alexander and Lundberg, Axel and Skogh, Filip and Ali-Eldin, Ahmed and Irwin, David and Shenoy, Prashant},
   year={2023},
   month=oct, pages={67–73},
   collection={IGSC ’23} }



